<?xml version="1.0" encoding="UTF-8"?><collection xmlns="http://www.loc.gov/MARC21/slim"><record><leader>00530nam--2200193-u-4500</leader><controlfield tag="001">000053981</controlfield><controlfield tag="002">20161230</controlfield><controlfield tag="005">20161230201051</controlfield><controlfield tag="008">110727s1000------------r-----000-0-rus-d</controlfield><datafield ind1=" " ind2=" " tag="040"><subfield code="a">IFIN-HH</subfield></datafield><datafield ind1=" " ind2=" " tag="041"><subfield code="a">rus</subfield></datafield><datafield ind1=" " ind2=" " tag="080"><subfield code="a">537.222.22:538.915</subfield></datafield><datafield ind1="1" ind2=" " tag="100"><subfield code="a">Ase, M</subfield></datafield><datafield ind1="1" ind2="0" tag="245"><subfield code="a">Goriacie elektroni v mnogodolinnih poluprovodnikah</subfield><subfield code="c">M. ase, z.s. gribnikov, v.v. mitin, o.g. sarbei</subfield></datafield><datafield ind1=" " ind2=" " tag="260"><subfield code="a">Kiev</subfield><subfield code="b">Naukova Dumka</subfield><subfield code="c">1982</subfield></datafield><datafield ind1=" " ind2=" " tag="300"><subfield code="a">327P</subfield></datafield><datafield ind1="1" ind2=" " tag="700"><subfield code="a">Sarbei, O.G</subfield></datafield><datafield ind1=" " ind2=" " tag="852"><subfield code="a">71644</subfield><subfield code="c">537.311.33</subfield></datafield><datafield ind1=" " ind2=" " tag="CAT"><subfield code="a">Sys</subfield><subfield code="c">20110727</subfield><subfield code="h">143653</subfield></datafield></record></collection>